%% This BibTeX bibliography file was created using BibDesk.
%% http://bibdesk.sourceforge.net/


%% Created for emonier at 2010-11-22 21:26:45 -0500 


%% Saved with string encoding Unicode (UTF-8) 

@ARTICLE{Bugnion2006,
	AUTHOR = {Bugnion, V. and C. Hill and P. H. Stone},
	YEAR = {2006},
	TITLE = {An Adjoint Analysis of the Meridional Overturning Circulation in a Hybrid Coupled Model},
	JOURNAL = {Journal of Climate},
	VOLUME = {19},
	NUMBER = {15},
	PAGES = {3751-3767}}

@BOOK{Ellerman2007,
	EDITOR = {Ellerman, A.D. and B. Buchner and C. Carraro},
	YEAR = {2007},
	TITLE = {Allocation in the European Emissions Trading Scheme: Rights, Rents, and Fairness},
	PUBLISHER = {Cambridge University Press},
	ADDRESS = {Cambridge, UK},
	PAGES = {448}}

@INBOOK{Reilly2007,
	AUTHOR = {Reilly, J. and B. Felzer and D. Kickligher and J. Melillo and H. Tian and M. Asadoorian},
	YEAR = {2007},
	TITLE = {The Prospects for Biological Carbon Sinks in Greenhouse Gas Emissions Trading Systems},
	BOOKTITLE = {Greenhouse Gas Sinks},
	EDITOR = {Reay, D. and C. N. Hewitt and K. Smith and J. Grace},
	PUBLISHER = {CABI Publishing},
	ADDRESS = {Wallingford, UK},
	CHAPTER = {8},
	PAGES = {115-142}}

@INBOOK{Jacoby2007,
	AUTHOR = {Jacoby, H.},
	YEAR = {2007},
	TITLE = {Climate Favela: A Comment on Barrett},
	BOOKTITLE = {Architectures for Agreement: Assessing Global Climate Change in the Post-Kyoto World},
	EDITOR = {J. Aldy and R. Stavins},
	PUBLISHER = {Cambridge University Press},
	ADDRESS = {Cambridge, UK},
	NOTE = {forthcoming}}

@INPROCEEDINGS{Kim2006,
	AUTHOR = {Kim, D. and C. Wang and A. M. Ekman and M. C. Barth and P. J. Rasch},
	YEAR = {2006},
	TITLE = {Climate Impact of Anthropogenic Aerosols in an Interactive Size-Resolving Aerosol-Climate Model},
	BOOKTITLE = {Eos Trans.},
	ORGANIZATION = {AGU},
	VOLUME = {87},
	NUMBER = {52},
	NOTE = {{F}all Meeting Supplement, Abstract A33B-0978}}

@PREPRINT{Babiker2007,
	AUTHOR = {Babiker, M. and R. S. Eckaus},
	YEAR = {2007},
	TITLE = {Unemployment Effects of Climate Policy},
	JOURNAL = {Environmental Science and Policy},
	NOTE = {in press; see also},
	INSTITUTION = {MIT JPSPGC},
	TYPE = {Report 137},
	URL = {http://mit.edu/globalchange/www/MITJPSPGC_Rpt137.pdf}}

@REPRINT{Webster2003,
	AUTHOR = {Webster, M. D. and C. E. Forest and J. M. Reilly and M. H. Babiker and D. W. Kicklighter and M. Mayer and R. G. Prinn and M. C. Sarofim and A. P. Sokolov and P. H. Stone and C. Wang},
	YEAR = {2003},
	TITLE = {Uncertainty Analysis of Climate Change and Policy Response},
	JOURNAL = {Climatic Change},
	VOLUME = {61},
	NUMBER = {3},
	PAGES = {295-320},
	INSTITUTION = {MIT JPSPGC},
	TYPE = {Reprint 2003-11},
	URL = {http://mit.edu/globalchange/www/MITJPSPGC_Reprint03-11.pdf}}

@TECHREPORT{Paltsev2005,
	AUTHOR = {Paltsev, S. and J. Reilly and H. Jacoby and R. Eckaus and J. McFarland and M. Babiker},
	YEAR = {2005},
	TITLE = {The MIT Emissions Prediction and Policy Analysis (EPPA) Model: Version 4},
	INSTITUTION = {MIT JPSPGC},
	TYPE = {Report 125},
	MONTH = {August},
	PAGES = {72},
	URL = {http://mit.edu/globalchange/www/MITJPSPGC_Rpt125.pdf}}

@TECHREPORT{Gurgel2007b,
	AUTHOR = {Gurgel, A. and G. Metcalf and N. Osouf and J. Reilly},
	YEAR = {2007b},
	TITLE = {Computing Tax Rates for Economic Modeling: A Global Dataset Approach},
	INSTITUTION = {MIT JPSPGC},
	TYPE = {Technical Note 11},
	MONTH = {January},
	PAGES = {13},
	URL = {http://mit.edu/globalchange/www/MITJPSPGC_TechNote11.pdf}}

@THESIS{Sugiyama2007,
	AUTHOR = {Sugiyama, M.},
	YEAR = {2007},
	TITLE = {Estimating the Economic Cost of Sea-Level Rise},
	TYPE = {Master of Science Thesis in Technology and Policy},
	SCHOOL = {Massachusetts Institute of Technology},
	ADDRESS = {Cambridge, MA}}

@UNPUBLISHED{Gao2007,
	AUTHOR = {Gao, X. and P. A. Dirmeyer and Z. Guo and M. Zhao},
	TITLE = {Sensitivity of Land Surface Simulations to the Treatment of Vegetation
	Properties and the Implications for Seasonal Climate Prediction},
	YEAR = {2008},
	JOURNAL = {Journal of Hydrometeorology},
	NOTE = {submitted}}

